%YAML 1.1
%TAG !u! tag:unity3d.com,2011:
--- !u!29 &1
OcclusionCullingSettings:
  m_ObjectHideFlags: 0
  serializedVersion: 2
  m_OcclusionBakeSettings:
    smallestOccluder: 5
    smallestHole: 0.25
    backfaceThreshold: 100
  m_SceneGUID: 00000000000000000000000000000000
  m_OcclusionCullingData: {fileID: 0}
--- !u!104 &2
RenderSettings:
  m_ObjectHideFlags: 0
  serializedVersion: 9
  m_Fog: 0
  m_FogColor: {r: 0.5, g: 0.5, b: 0.5, a: 1}
  m_FogMode: 3
  m_FogDensity: 0.01
  m_LinearFogStart: 0
  m_LinearFogEnd: 300
  m_AmbientSkyColor: {r: 0.212, g: 0.227, b: 0.259, a: 1}
  m_AmbientEquatorColor: {r: 0.114, g: 0.125, b: 0.133, a: 1}
  m_AmbientGroundColor: {r: 0.047, g: 0.043, b: 0.035, a: 1}
  m_AmbientIntensity: 0
  m_AmbientMode: 0
  m_SubtractiveShadowColor: {r: 0.42, g: 0.478, b: 0.627, a: 1}
  m_SkyboxMaterial: {fileID: 2100000, guid: 47b7a45414f3b564e9e8349bfa18b29f, type: 2}
  m_HaloStrength: 0.5
  m_FlareStrength: 1
  m_FlareFadeSpeed: 3
  m_HaloTexture: {fileID: 0}
  m_SpotCookie: {fileID: 10001, guid: 0000000000000000e000000000000000, type: 0}
  m_DefaultReflectionMode: 0
  m_DefaultReflectionResolution: 128
  m_ReflectionBounces: 1
  m_ReflectionIntensity: 1
  m_CustomReflection: {fileID: 0}
  m_Sun: {fileID: 0}
  m_IndirectSpecularColor: {r: 0.0067397943, g: 0.042706396, b: 0.38072214, a: 1}
  m_UseRadianceAmbientProbe: 0
--- !u!157 &3
LightmapSettings:
  m_ObjectHideFlags: 0
  serializedVersion: 12
  m_GIWorkflowMode: 0
  m_GISettings:
    serializedVersion: 2
    m_BounceScale: 1
    m_IndirectOutputScale: 1
    m_AlbedoBoost: 1
    m_EnvironmentLightingMode: 0
    m_EnableBakedLightmaps: 1
    m_EnableRealtimeLightmaps: 1
  m_LightmapEditorSettings:
    serializedVersion: 12
    m_Resolution: 2
    m_BakeResolution: 40
    m_AtlasSize: 1024
    m_AO: 0
    m_AOMaxDistance: 1
    m_CompAOExponent: 1
    m_CompAOExponentDirect: 0
    m_ExtractAmbientOcclusion: 0
    m_Padding: 2
    m_LightmapParameters: {fileID: 0}
    m_LightmapsBakeMode: 1
    m_TextureCompression: 1
    m_FinalGather: 0
    m_FinalGatherFiltering: 1
    m_FinalGatherRayCount: 256
    m_ReflectionCompression: 2
    m_MixedBakeMode: 2
    m_BakeBackend: 0
    m_PVRSampling: 1
    m_PVRDirectSampleCount: 32
    m_PVRSampleCount: 500
    m_PVRBounces: 2
    m_PVREnvironmentSampleCount: 500
    m_PVREnvironmentReferencePointCount: 2048
    m_PVRFilteringMode: 2
    m_PVRDenoiserTypeDirect: 0
    m_PVRDenoiserTypeIndirect: 0
    m_PVRDenoiserTypeAO: 0
    m_PVRFilterTypeDirect: 0
    m_PVRFilterTypeIndirect: 0
    m_PVRFilterTypeAO: 0
    m_PVREnvironmentMIS: 0
    m_PVRCulling: 1
    m_PVRFilteringGaussRadiusDirect: 1
    m_PVRFilteringGaussRadiusIndirect: 5
    m_PVRFilteringGaussRadiusAO: 2
    m_PVRFilteringAtrousPositionSigmaDirect: 0.5
    m_PVRFilteringAtrousPositionSigmaIndirect: 2
    m_PVRFilteringAtrousPositionSigmaAO: 1
    m_ExportTrainingData: 0
    m_TrainingDataDestination: TrainingData
    m_LightProbeSampleCountMultiplier: 4
  m_LightingDataAsset: {fileID: 0}
  m_LightingSettings: {fileID: 4890085278179872738, guid: a73bd5c3473ef41d2aba14048a63110d, type: 2}
--- !u!196 &4
NavMeshSettings:
  serializedVersion: 2
  m_ObjectHideFlags: 0
  m_BuildSettings:
    serializedVersion: 2
    agentTypeID: 0
    agentRadius: 0.5
    agentHeight: 2
    agentSlope: 45
    agentClimb: 0.4
    ledgeDropHeight: 0
    maxJumpAcrossDistance: 0
    minRegionArea: 2
    manualCellSize: 0
    cellSize: 0.16666667
    manualTileSize: 0
    tileSize: 256
    accuratePlacement: 0
    maxJobWorkers: 0
    preserveTilesOutsideBounds: 0
    debug:
      m_Flags: 0
  m_NavMeshData: {fileID: 0}
--- !u!1 &99800721
GameObject:
  m_ObjectHideFlags: 0
  m_CorrespondingSourceObject: {fileID: 0}
  m_PrefabInstance: {fileID: 0}
  m_PrefabAsset: {fileID: 0}
  serializedVersion: 6
  m_Component:
  - component: {fileID: 99800722}
  - component: {fileID: 99800726}
  - component: {fileID: 99800725}
  - component: {fileID: 99800723}
  - component: {fileID: 99800724}
  m_Layer: 0
  m_Name: Platform
  m_TagString: Untagged
  m_Icon: {fileID: 0}
  m_NavMeshLayer: 0
  m_StaticEditorFlags: 0
  m_IsActive: 1
--- !u!4 &99800722
Transform:
  m_ObjectHideFlags: 0
  m_CorrespondingSourceObject: {fileID: 0}
  m_PrefabInstance: {fileID: 0}
  m_PrefabAsset: {fileID: 0}
  m_GameObject: {fileID: 99800721}
  m_LocalRotation: {x: 0, y: 0, z: 0, w: 1}
  m_LocalPosition: {x: 0, y: -2.6, z: 0}
  m_LocalScale: {x: 3, y: 0.5, z: 3}
  m_Children:
  - {fileID: 990954749}
  m_Father: {fileID: 1642662768}
  m_RootOrder: 11
  m_LocalEulerAnglesHint: {x: 0, y: 0, z: 0}
--- !u!54 &99800723
Rigidbody:
  m_ObjectHideFlags: 0
  m_CorrespondingSourceObject: {fileID: 0}
  m_PrefabInstance: {fileID: 0}
  m_PrefabAsset: {fileID: 0}
  m_GameObject: {fileID: 99800721}
  serializedVersion: 2
  m_Mass: 1
  m_Drag: 0
  m_AngularDrag: 0.05
  m_UseGravity: 0
  m_IsKinematic: 1
  m_Interpolate: 0
  m_Constraints: 0
  m_CollisionDetection: 0
--- !u!64 &99800724
MeshCollider:
  m_ObjectHideFlags: 0
  m_CorrespondingSourceObject: {fileID: 0}
  m_PrefabInstance: {fileID: 0}
  m_PrefabAsset: {fileID: 0}
  m_GameObject: {fileID: 99800721}
  m_Material: {fileID: 0}
  m_IsTrigger: 0
  m_Enabled: 1
  serializedVersion: 4
  m_Convex: 1
  m_CookingOptions: 30
  m_Mesh: {fileID: 10207, guid: 0000000000000000e000000000000000, type: 0}
--- !u!23 &99800725
MeshRenderer:
  m_ObjectHideFlags: 0
  m_CorrespondingSourceObject: {fileID: 0}
  m_PrefabInstance: {fileID: 0}
  m_PrefabAsset: {fileID: 0}
  m_GameObject: {fileID: 99800721}
  m_Enabled: 1
  m_CastShadows: 1
  m_ReceiveShadows: 1
  m_DynamicOccludee: 1
  m_MotionVectors: 1
  m_LightProbeUsage: 1
  m_ReflectionProbeUsage: 1
  m_RayTracingMode: 2
  m_RayTraceProcedural: 0
  m_RenderingLayerMask: 1
  m_RendererPriority: 0
  m_Materials:
  - {fileID: 10303, guid: 0000000000000000f000000000000000, type: 0}
  m_StaticBatchInfo:
    firstSubMesh: 0
    subMeshCount: 0
  m_StaticBatchRoot: {fileID: 0}
  m_ProbeAnchor: {fileID: 0}
  m_LightProbeVolumeOverride: {fileID: 0}
  m_ScaleInLightmap: 1
  m_ReceiveGI: 1
  m_PreserveUVs: 0
  m_IgnoreNormalsForChartDetection: 0
  m_ImportantGI: 0
  m_StitchLightmapSeams: 1
  m_SelectedEditorRenderState: 3
  m_MinimumChartSize: 4
  m_AutoUVMaxDistance: 0.5
  m_AutoUVMaxAngle: 89
  m_LightmapParameters: {fileID: 0}
  m_SortingLayerID: 0
  m_SortingLayer: 0
  m_SortingOrder: 0
  m_AdditionalVertexStreams: {fileID: 0}
--- !u!33 &99800726
MeshFilter:
  m_ObjectHideFlags: 0
  m_CorrespondingSourceObject: {fileID: 0}
  m_PrefabInstance: {fileID: 0}
  m_PrefabAsset: {fileID: 0}
  m_GameObject: {fileID: 99800721}
  m_Mesh: {fileID: 10207, guid: 0000000000000000e000000000000000, type: 0}
--- !u!1 &116047284
GameObject:
  m_ObjectHideFlags: 0
  m_CorrespondingSourceObject: {fileID: 0}
  m_PrefabInstance: {fileID: 0}
  m_PrefabAsset: {fileID: 0}
  serializedVersion: 6
  m_Component:
  - component: {fileID: 116047286}
  - component: {fileID: 116047285}
  m_Layer: 0
  m_Name: Directional Light
  m_TagString: Untagged
  m_Icon: {fileID: 0}
  m_NavMeshLayer: 0
  m_StaticEditorFlags: 0
  m_IsActive: 1
--- !u!108 &116047285
Light:
  m_ObjectHideFlags: 0
  m_CorrespondingSourceObject: {fileID: 0}
  m_PrefabInstance: {fileID: 0}
  m_PrefabAsset: {fileID: 0}
  m_GameObject: {fileID: 116047284}
  m_Enabled: 1
  serializedVersion: 10
  m_Type: 1
  m_Shape: 0
  m_Color: {r: 1, g: 0.95686275, b: 0.8392157, a: 1}
  m_Intensity: 1
  m_Range: 10
  m_SpotAngle: 30
  m_InnerSpotAngle: 21.802082
  m_CookieSize: 10
  m_Shadows:
    m_Type: 2
    m_Resolution: -1
    m_CustomResolution: -1
    m_Strength: 1
    m_Bias: 0.05
    m_NormalBias: 0.4
    m_NearPlane: 0.2
    m_CullingMatrixOverride:
      e00: 1
      e01: 0
      e02: 0
      e03: 0
      e10: 0
      e11: 1
      e12: 0
      e13: 0
      e20: 0
      e21: 0
      e22: 1
      e23: 0
      e30: 0
      e31: 0
      e32: 0
      e33: 1
    m_UseCullingMatrixOverride: 0
  m_Cookie: {fileID: 0}
  m_DrawHalo: 0
  m_Flare: {fileID: 0}
  m_RenderMode: 0
  m_CullingMask:
    serializedVersion: 2
    m_Bits: 4294967295
  m_RenderingLayerMask: 1
  m_Lightmapping: 4
  m_LightShadowCasterMode: 0
  m_AreaSize: {x: 1, y: 1}
  m_BounceIntensity: 1
  m_ColorTemperature: 6570
  m_UseColorTemperature: 0
  m_BoundingSphereOverride: {x: 0, y: 0, z: 0, w: 0}
  m_UseBoundingSphereOverride: 0
  m_ShadowRadius: 0
  m_ShadowAngle: 0
--- !u!4 &116047286
Transform:
  m_ObjectHideFlags: 0
  m_CorrespondingSourceObject: {fileID: 0}
  m_PrefabInstance: {fileID: 0}
  m_PrefabAsset: {fileID: 0}
  m_GameObject: {fileID: 116047284}
  m_LocalRotation: {x: 0.40821788, y: -0.23456968, z: 0.10938163, w: 0.8754261}
  m_LocalPosition: {x: 0, y: 3, z: 0}
  m_LocalScale: {x: 1, y: 1, z: 1}
  m_Children: []
  m_Father: {fileID: 0}
  m_RootOrder: 0
  m_LocalEulerAnglesHint: {x: 50, y: -30, z: 0}
--- !u!1 &193313783
GameObject:
  m_ObjectHideFlags: 0
  m_CorrespondingSourceObject: {fileID: 0}
  m_PrefabInstance: {fileID: 0}
  m_PrefabAsset: {fileID: 0}
  serializedVersion: 6
  m_Component:
  - component: {fileID: 193313784}
  - component: {fileID: 193313787}
  - component: {fileID: 193313786}
  - component: {fileID: 193313785}
  m_Layer: 0
  m_Name: FallZone
  m_TagString: StopAttraction
  m_Icon: {fileID: 0}
  m_NavMeshLayer: 0
  m_StaticEditorFlags: 0
  m_IsActive: 1
--- !u!4 &193313784
Transform:
  m_ObjectHideFlags: 0
  m_CorrespondingSourceObject: {fileID: 0}
  m_PrefabInstance: {fileID: 0}
  m_PrefabAsset: {fileID: 0}
  m_GameObject: {fileID: 193313783}
  m_LocalRotation: {x: -0, y: -0, z: -0, w: 1}
  m_LocalPosition: {x: 0, y: -0.075, z: 0}
  m_LocalScale: {x: 2, y: 2.33, z: 2}
  m_Children: []
  m_Father: {fileID: 1642662768}
  m_RootOrder: 12
  m_LocalEulerAnglesHint: {x: 0, y: 0, z: 0}
--- !u!64 &193313785
MeshCollider:
  m_ObjectHideFlags: 0
  m_CorrespondingSourceObject: {fileID: 0}
  m_PrefabInstance: {fileID: 0}
  m_PrefabAsset: {fileID: 0}
  m_GameObject: {fileID: 193313783}
  m_Material: {fileID: 0}
  m_IsTrigger: 1
  m_Enabled: 1
  serializedVersion: 4
  m_Convex: 1
  m_CookingOptions: 30
  m_Mesh: {fileID: 10206, guid: 0000000000000000e000000000000000, type: 0}
--- !u!23 &193313786
MeshRenderer:
  m_ObjectHideFlags: 0
  m_CorrespondingSourceObject: {fileID: 0}
  m_PrefabInstance: {fileID: 0}
  m_PrefabAsset: {fileID: 0}
  m_GameObject: {fileID: 193313783}
  m_Enabled: 0
  m_CastShadows: 1
  m_ReceiveShadows: 1
  m_DynamicOccludee: 1
  m_MotionVectors: 1
  m_LightProbeUsage: 1
  m_ReflectionProbeUsage: 1
  m_RayTracingMode: 2
  m_RayTraceProcedural: 0
  m_RenderingLayerMask: 1
  m_RendererPriority: 0
  m_Materials:
  - {fileID: 2100000, guid: d0dde4c7a4c684c0fbee711415dd3aa3, type: 2}
  m_StaticBatchInfo:
    firstSubMesh: 0
    subMeshCount: 0
  m_StaticBatchRoot: {fileID: 0}
  m_ProbeAnchor: {fileID: 0}
  m_LightProbeVolumeOverride: {fileID: 0}
  m_ScaleInLightmap: 1
  m_ReceiveGI: 1
  m_PreserveUVs: 0
  m_IgnoreNormalsForChartDetection: 0
  m_ImportantGI: 0
  m_StitchLightmapSeams: 1
  m_SelectedEditorRenderState: 3
  m_MinimumChartSize: 4
  m_AutoUVMaxDistance: 0.5
  m_AutoUVMaxAngle: 89
  m_LightmapParameters: {fileID: 0}
  m_SortingLayerID: 0
  m_SortingLayer: 0
  m_SortingOrder: 0
  m_AdditionalVertexStreams: {fileID: 0}
--- !u!33 &193313787
MeshFilter:
  m_ObjectHideFlags: 0
  m_CorrespondingSourceObject: {fileID: 0}
  m_PrefabInstance: {fileID: 0}
  m_PrefabAsset: {fileID: 0}
  m_GameObject: {fileID: 193313783}
  m_Mesh: {fileID: 10206, guid: 0000000000000000e000000000000000, type: 0}
--- !u!1001 &236885729
PrefabInstance:
  m_ObjectHideFlags: 0
  serializedVersion: 2
  m_Modification:
    m_TransformParent: {fileID: 1642662768}
    m_Modifications:
    - target: {fileID: 3103226768186808199, guid: 974b361f543ad4d7d95dd63455c73843, type: 3}
      propertyPath: m_Mass
      value: 2
      objectReference: {fileID: 0}
    - target: {fileID: 3103226768186808199, guid: 974b361f543ad4d7d95dd63455c73843, type: 3}
      propertyPath: m_Drag
      value: 0
      objectReference: {fileID: 0}
    - target: {fileID: 3103226768186808216, guid: 974b361f543ad4d7d95dd63455c73843, type: 3}
      propertyPath: m_LocalPosition.x
      value: -2.63
      objectReference: {fileID: 0}
    - target: {fileID: 3103226768186808216, guid: 974b361f543ad4d7d95dd63455c73843, type: 3}
      propertyPath: m_LocalPosition.y
      value: 1.5320001
      objectReference: {fileID: 0}
    - target: {fileID: 3103226768186808216, guid: 974b361f543ad4d7d95dd63455c73843, type: 3}
      propertyPath: m_LocalPosition.z
      value: 6.941
      objectReference: {fileID: 0}
    - target: {fileID: 3103226768186808216, guid: 974b361f543ad4d7d95dd63455c73843, type: 3}
      propertyPath: m_LocalRotation.x
      value: -0
      objectReference: {fileID: 0}
    - target: {fileID: 3103226768186808216, guid: 974b361f543ad4d7d95dd63455c73843, type: 3}
      propertyPath: m_LocalRotation.y
      value: -0
      objectReference: {fileID: 0}
    - target: {fileID: 3103226768186808216, guid: 974b361f543ad4d7d95dd63455c73843, type: 3}
      propertyPath: m_LocalRotation.z
      value: -0
      objectReference: {fileID: 0}
    - target: {fileID: 3103226768186808216, guid: 974b361f543ad4d7d95dd63455c73843, type: 3}
      propertyPath: m_LocalRotation.w
      value: 1
      objectReference: {fileID: 0}
    - target: {fileID: 3103226768186808216, guid: 974b361f543ad4d7d95dd63455c73843, type: 3}
      propertyPath: m_RootOrder
      value: 0
      objectReference: {fileID: 0}
    - target: {fileID: 3103226768186808216, guid: 974b361f543ad4d7d95dd63455c73843, type: 3}
      propertyPath: m_LocalEulerAnglesHint.x
      value: 0
      objectReference: {fileID: 0}
    - target: {fileID: 3103226768186808216, guid: 974b361f543ad4d7d95dd63455c73843, type: 3}
      propertyPath: m_LocalEulerAnglesHint.y
      value: 0
      objectReference: {fileID: 0}
    - target: {fileID: 3103226768186808216, guid: 974b361f543ad4d7d95dd63455c73843, type: 3}
      propertyPath: m_LocalEulerAnglesHint.z
      value: 0
      objectReference: {fileID: 0}
    - target: {fileID: 3103226768186808217, guid: 974b361f543ad4d7d95dd63455c73843, type: 3}
      propertyPath: m_Name
      value: smallBall1
      objectReference: {fileID: 0}
    - target: {fileID: 5438713856254647761, guid: 974b361f543ad4d7d95dd63455c73843, type: 3}
      propertyPath: ballStatusColorChange
      value: 1
      objectReference: {fileID: 0}
    m_RemovedComponents: []
  m_SourcePrefab: {fileID: 100100000, guid: 974b361f543ad4d7d95dd63455c73843, type: 3}
--- !u!4 &236885730 stripped
Transform:
  m_CorrespondingSourceObject: {fileID: 3103226768186808216, guid: 974b361f543ad4d7d95dd63455c73843, type: 3}
  m_PrefabInstance: {fileID: 236885729}
  m_PrefabAsset: {fileID: 0}
--- !u!1 &258876783
GameObject:
  m_ObjectHideFlags: 0
  m_CorrespondingSourceObject: {fileID: 0}
  m_PrefabInstance: {fileID: 0}
  m_PrefabAsset: {fileID: 0}
  serializedVersion: 6
  m_Component:
  - component: {fileID: 258876785}
  - component: {fileID: 258876784}
  m_Layer: 0
  m_Name: UIManager
  m_TagString: Untagged
  m_Icon: {fileID: 0}
  m_NavMeshLayer: 0
  m_StaticEditorFlags: 0
  m_IsActive: 1
--- !u!114 &258876784
MonoBehaviour:
  m_ObjectHideFlags: 0
  m_CorrespondingSourceObject: {fileID: 0}
  m_PrefabInstance: {fileID: 0}
  m_PrefabAsset: {fileID: 0}
  m_GameObject: {fileID: 258876783}
  m_Enabled: 1
  m_EditorHideFlags: 0
  m_Script: {fileID: 11500000, guid: 4b0d67e6c6890428680e3bf5da9c8db2, type: 3}
  m_Name: 
  m_EditorClassIdentifier: 
--- !u!4 &258876785
Transform:
  m_ObjectHideFlags: 0
  m_CorrespondingSourceObject: {fileID: 0}
  m_PrefabInstance: {fileID: 0}
  m_PrefabAsset: {fileID: 0}
  m_GameObject: {fileID: 258876783}
  m_LocalRotation: {x: 0, y: 0, z: 0, w: 1}
  m_LocalPosition: {x: -0.060047984, y: 0.30542147, z: -0.419322}
  m_LocalScale: {x: 1, y: 1, z: 1}
  m_Children: []
  m_Father: {fileID: 0}
  m_RootOrder: 1
  m_LocalEulerAnglesHint: {x: 0, y: 0, z: 0}
--- !u!1001 &416717788
PrefabInstance:
  m_ObjectHideFlags: 0
  serializedVersion: 2
  m_Modification:
    m_TransformParent: {fileID: 1642662768}
    m_Modifications:
    - target: {fileID: 2705221656947343415, guid: 03b471b10b1f543489d9395e87ebe096, type: 3}
      propertyPath: m_LocalPosition.x
      value: 5.57
      objectReference: {fileID: 0}
    - target: {fileID: 2705221656947343415, guid: 03b471b10b1f543489d9395e87ebe096, type: 3}
      propertyPath: m_LocalPosition.y
      value: 0
      objectReference: {fileID: 0}
    - target: {fileID: 2705221656947343415, guid: 03b471b10b1f543489d9395e87ebe096, type: 3}
      propertyPath: m_LocalPosition.z
      value: 3.11
      objectReference: {fileID: 0}
    - target: {fileID: 2705221656947343415, guid: 03b471b10b1f543489d9395e87ebe096, type: 3}
      propertyPath: m_LocalRotation.x
      value: 0.7071068
      objectReference: {fileID: 0}
    - target: {fileID: 2705221656947343415, guid: 03b471b10b1f543489d9395e87ebe096, type: 3}
      propertyPath: m_LocalRotation.y
      value: 0
      objectReference: {fileID: 0}
    - target: {fileID: 2705221656947343415, guid: 03b471b10b1f543489d9395e87ebe096, type: 3}
      propertyPath: m_LocalRotation.z
      value: 0
      objectReference: {fileID: 0}
    - target: {fileID: 2705221656947343415, guid: 03b471b10b1f543489d9395e87ebe096, type: 3}
      propertyPath: m_LocalRotation.w
      value: 0.7071068
      objectReference: {fileID: 0}
    - target: {fileID: 2705221656947343415, guid: 03b471b10b1f543489d9395e87ebe096, type: 3}
      propertyPath: m_RootOrder
      value: 9
      objectReference: {fileID: 0}
    - target: {fileID: 2705221656947343415, guid: 03b471b10b1f543489d9395e87ebe096, type: 3}
      propertyPath: m_LocalEulerAnglesHint.x
      value: 90
      objectReference: {fileID: 0}
    - target: {fileID: 2705221656947343415, guid: 03b471b10b1f543489d9395e87ebe096, type: 3}
      propertyPath: m_LocalEulerAnglesHint.y
      value: 0
      objectReference: {fileID: 0}
    - target: {fileID: 2705221656947343415, guid: 03b471b10b1f543489d9395e87ebe096, type: 3}
      propertyPath: m_LocalEulerAnglesHint.z
      value: 0
      objectReference: {fileID: 0}
    - target: {fileID: 2705221656947343415, guid: 03b471b10b1f543489d9395e87ebe096, type: 3}
      propertyPath: m_LocalScale.x
      value: 0.2
      objectReference: {fileID: 0}
    - target: {fileID: 2705221656947343415, guid: 03b471b10b1f543489d9395e87ebe096, type: 3}
      propertyPath: m_LocalScale.y
      value: 0.2
      objectReference: {fileID: 0}
    - target: {fileID: 2705221656947343415, guid: 03b471b10b1f543489d9395e87ebe096, type: 3}
      propertyPath: m_LocalScale.z
      value: 0.2
      objectReference: {fileID: 0}
    - target: {fileID: 3369027249678981773, guid: 03b471b10b1f543489d9395e87ebe096, type: 3}
      propertyPath: m_Name
      value: Red Balloon
      objectReference: {fileID: 0}
    - target: {fileID: 5659955148778934706, guid: 03b471b10b1f543489d9395e87ebe096, type: 3}
      propertyPath: m_Convex
      value: 1
      objectReference: {fileID: 0}
    m_RemovedComponents: []
  m_SourcePrefab: {fileID: 100100000, guid: 03b471b10b1f543489d9395e87ebe096, type: 3}
--- !u!4 &416717789 stripped
Transform:
  m_CorrespondingSourceObject: {fileID: 2705221656947343415, guid: 03b471b10b1f543489d9395e87ebe096, type: 3}
  m_PrefabInstance: {fileID: 416717788}
  m_PrefabAsset: {fileID: 0}
--- !u!1001 &430099241
PrefabInstance:
  m_ObjectHideFlags: 0
  serializedVersion: 2
  m_Modification:
    m_TransformParent: {fileID: 946903027}
    m_Modifications:
    - target: {fileID: 1620922654972176, guid: ddb963bcde7d8a04a88b3ee4709f46c7, type: 3}
      propertyPath: m_Name
      value: CanvasWithDebug
      objectReference: {fileID: 0}
    - target: {fileID: 224586678184848430, guid: ddb963bcde7d8a04a88b3ee4709f46c7, type: 3}
      propertyPath: m_LocalPosition.x
      value: 0
      objectReference: {fileID: 0}
    - target: {fileID: 224586678184848430, guid: ddb963bcde7d8a04a88b3ee4709f46c7, type: 3}
      propertyPath: m_LocalPosition.y
      value: 0
      objectReference: {fileID: 0}
    - target: {fileID: 224586678184848430, guid: ddb963bcde7d8a04a88b3ee4709f46c7, type: 3}
      propertyPath: m_LocalPosition.z
      value: 3.026
      objectReference: {fileID: 0}
    - target: {fileID: 224586678184848430, guid: ddb963bcde7d8a04a88b3ee4709f46c7, type: 3}
      propertyPath: m_LocalRotation.x
      value: 0.09480335
      objectReference: {fileID: 0}
    - target: {fileID: 224586678184848430, guid: ddb963bcde7d8a04a88b3ee4709f46c7, type: 3}
      propertyPath: m_LocalRotation.y
      value: 0
      objectReference: {fileID: 0}
    - target: {fileID: 224586678184848430, guid: ddb963bcde7d8a04a88b3ee4709f46c7, type: 3}
      propertyPath: m_LocalRotation.z
      value: 0
      objectReference: {fileID: 0}
    - target: {fileID: 224586678184848430, guid: ddb963bcde7d8a04a88b3ee4709f46c7, type: 3}
      propertyPath: m_LocalRotation.w
      value: 0.99549603
      objectReference: {fileID: 0}
    - target: {fileID: 224586678184848430, guid: ddb963bcde7d8a04a88b3ee4709f46c7, type: 3}
      propertyPath: m_RootOrder
      value: 2
      objectReference: {fileID: 0}
    - target: {fileID: 224586678184848430, guid: ddb963bcde7d8a04a88b3ee4709f46c7, type: 3}
      propertyPath: m_LocalEulerAnglesHint.x
      value: 10.88
      objectReference: {fileID: 0}
    - target: {fileID: 224586678184848430, guid: ddb963bcde7d8a04a88b3ee4709f46c7, type: 3}
      propertyPath: m_LocalEulerAnglesHint.y
      value: 0
      objectReference: {fileID: 0}
    - target: {fileID: 224586678184848430, guid: ddb963bcde7d8a04a88b3ee4709f46c7, type: 3}
      propertyPath: m_LocalEulerAnglesHint.z
      value: 0
      objectReference: {fileID: 0}
    - target: {fileID: 224586678184848430, guid: ddb963bcde7d8a04a88b3ee4709f46c7, type: 3}
      propertyPath: m_AnchoredPosition.x
      value: 0
      objectReference: {fileID: 0}
    - target: {fileID: 224586678184848430, guid: ddb963bcde7d8a04a88b3ee4709f46c7, type: 3}
      propertyPath: m_AnchoredPosition.y
      value: -0.345
      objectReference: {fileID: 0}
    - target: {fileID: 224586678184848430, guid: ddb963bcde7d8a04a88b3ee4709f46c7, type: 3}
      propertyPath: m_SizeDelta.x
      value: 1200
      objectReference: {fileID: 0}
    - target: {fileID: 224586678184848430, guid: ddb963bcde7d8a04a88b3ee4709f46c7, type: 3}
      propertyPath: m_SizeDelta.y
      value: 600
      objectReference: {fileID: 0}
    - target: {fileID: 224586678184848430, guid: ddb963bcde7d8a04a88b3ee4709f46c7, type: 3}
      propertyPath: m_AnchorMin.x
      value: 0
      objectReference: {fileID: 0}
    - target: {fileID: 224586678184848430, guid: ddb963bcde7d8a04a88b3ee4709f46c7, type: 3}
      propertyPath: m_AnchorMin.y
      value: 0
      objectReference: {fileID: 0}
    - target: {fileID: 224586678184848430, guid: ddb963bcde7d8a04a88b3ee4709f46c7, type: 3}
      propertyPath: m_AnchorMax.x
      value: 0
      objectReference: {fileID: 0}
    - target: {fileID: 224586678184848430, guid: ddb963bcde7d8a04a88b3ee4709f46c7, type: 3}
      propertyPath: m_AnchorMax.y
      value: 0
      objectReference: {fileID: 0}
    - target: {fileID: 224586678184848430, guid: ddb963bcde7d8a04a88b3ee4709f46c7, type: 3}
      propertyPath: m_Pivot.x
      value: 0.5
      objectReference: {fileID: 0}
    - target: {fileID: 224586678184848430, guid: ddb963bcde7d8a04a88b3ee4709f46c7, type: 3}
      propertyPath: m_Pivot.y
      value: 0.5
      objectReference: {fileID: 0}
    m_RemovedComponents: []
  m_SourcePrefab: {fileID: 100100000, guid: ddb963bcde7d8a04a88b3ee4709f46c7, type: 3}
--- !u!1 &697780747
GameObject:
  m_ObjectHideFlags: 0
  m_CorrespondingSourceObject: {fileID: 0}
  m_PrefabInstance: {fileID: 0}
  m_PrefabAsset: {fileID: 0}
  serializedVersion: 6
  m_Component:
  - component: {fileID: 697780748}
  - component: {fileID: 697780751}
  - component: {fileID: 697780750}
  - component: {fileID: 697780749}
  m_Layer: 0
  m_Name: StopAttraction
  m_TagString: StopAttraction
  m_Icon: {fileID: 0}
  m_NavMeshLayer: 0
  m_StaticEditorFlags: 0
  m_IsActive: 1
--- !u!4 &697780748
Transform:
  m_ObjectHideFlags: 0
  m_CorrespondingSourceObject: {fileID: 0}
  m_PrefabInstance: {fileID: 0}
  m_PrefabAsset: {fileID: 0}
  m_GameObject: {fileID: 697780747}
  m_LocalRotation: {x: -0, y: -0, z: -0, w: 1}
  m_LocalPosition: {x: 0, y: -0.11499989, z: 0}
  m_LocalScale: {x: 2.2, y: 1, z: 2.2}
  m_Children: []
  m_Father: {fileID: 1642662768}
  m_RootOrder: 13
  m_LocalEulerAnglesHint: {x: 0, y: 0, z: 0}
--- !u!64 &697780749
MeshCollider:
  m_ObjectHideFlags: 0
  m_CorrespondingSourceObject: {fileID: 0}
  m_PrefabInstance: {fileID: 0}
  m_PrefabAsset: {fileID: 0}
  m_GameObject: {fileID: 697780747}
  m_Material: {fileID: 0}
  m_IsTrigger: 1
  m_Enabled: 1
  serializedVersion: 4
  m_Convex: 1
  m_CookingOptions: 30
  m_Mesh: {fileID: 10207, guid: 0000000000000000e000000000000000, type: 0}
--- !u!23 &697780750
MeshRenderer:
  m_ObjectHideFlags: 0
  m_CorrespondingSourceObject: {fileID: 0}
  m_PrefabInstance: {fileID: 0}
  m_PrefabAsset: {fileID: 0}
  m_GameObject: {fileID: 697780747}
  m_Enabled: 0
  m_CastShadows: 1
  m_ReceiveShadows: 1
  m_DynamicOccludee: 1
  m_MotionVectors: 1
  m_LightProbeUsage: 1
  m_ReflectionProbeUsage: 1
  m_RayTracingMode: 2
  m_RayTraceProcedural: 0
  m_RenderingLayerMask: 1
  m_RendererPriority: 0
  m_Materials:
  - {fileID: 2100000, guid: d0dde4c7a4c684c0fbee711415dd3aa3, type: 2}
  m_StaticBatchInfo:
    firstSubMesh: 0
    subMeshCount: 0
  m_StaticBatchRoot: {fileID: 0}
  m_ProbeAnchor: {fileID: 0}
  m_LightProbeVolumeOverride: {fileID: 0}
  m_ScaleInLightmap: 1
  m_ReceiveGI: 1
  m_PreserveUVs: 0
  m_IgnoreNormalsForChartDetection: 0
  m_ImportantGI: 0
  m_StitchLightmapSeams: 1
  m_SelectedEditorRenderState: 3
  m_MinimumChartSize: 4
  m_AutoUVMaxDistance: 0.5
  m_AutoUVMaxAngle: 89
  m_LightmapParameters: {fileID: 0}
  m_SortingLayerID: 0
  m_SortingLayer: 0
  m_SortingOrder: 0
  m_AdditionalVertexStreams: {fileID: 0}
--- !u!33 &697780751
MeshFilter:
  m_ObjectHideFlags: 0
  m_CorrespondingSourceObject: {fileID: 0}
  m_PrefabInstance: {fileID: 0}
  m_PrefabAsset: {fileID: 0}
  m_GameObject: {fileID: 697780747}
  m_Mesh: {fileID: 10207, guid: 0000000000000000e000000000000000, type: 0}
--- !u!1001 &748857946
PrefabInstance:
  m_ObjectHideFlags: 0
  serializedVersion: 2
  m_Modification:
    m_TransformParent: {fileID: 1642662768}
    m_Modifications:
    - target: {fileID: 1593933574140061682, guid: 49d4c49a17c754b0dacd994ca5a0a06c, type: 3}
      propertyPath: m_LocalPosition.x
      value: 0
      objectReference: {fileID: 0}
    - target: {fileID: 1593933574140061682, guid: 49d4c49a17c754b0dacd994ca5a0a06c, type: 3}
      propertyPath: m_LocalPosition.y
      value: 0
      objectReference: {fileID: 0}
    - target: {fileID: 1593933574140061682, guid: 49d4c49a17c754b0dacd994ca5a0a06c, type: 3}
      propertyPath: m_LocalPosition.z
      value: 6.09
      objectReference: {fileID: 0}
    - target: {fileID: 1593933574140061682, guid: 49d4c49a17c754b0dacd994ca5a0a06c, type: 3}
      propertyPath: m_LocalRotation.x
      value: 0.7071068
      objectReference: {fileID: 0}
    - target: {fileID: 1593933574140061682, guid: 49d4c49a17c754b0dacd994ca5a0a06c, type: 3}
      propertyPath: m_LocalRotation.y
      value: 0
      objectReference: {fileID: 0}
    - target: {fileID: 1593933574140061682, guid: 49d4c49a17c754b0dacd994ca5a0a06c, type: 3}
      propertyPath: m_LocalRotation.z
      value: 0
      objectReference: {fileID: 0}
    - target: {fileID: 1593933574140061682, guid: 49d4c49a17c754b0dacd994ca5a0a06c, type: 3}
      propertyPath: m_LocalRotation.w
      value: 0.7071068
      objectReference: {fileID: 0}
    - target: {fileID: 1593933574140061682, guid: 49d4c49a17c754b0dacd994ca5a0a06c, type: 3}
      propertyPath: m_RootOrder
      value: 8
      objectReference: {fileID: 0}
    - target: {fileID: 1593933574140061682, guid: 49d4c49a17c754b0dacd994ca5a0a06c, type: 3}
      propertyPath: m_LocalEulerAnglesHint.x
      value: 90
      objectReference: {fileID: 0}
    - target: {fileID: 1593933574140061682, guid: 49d4c49a17c754b0dacd994ca5a0a06c, type: 3}
      propertyPath: m_LocalEulerAnglesHint.y
      value: 0
      objectReference: {fileID: 0}
    - target: {fileID: 1593933574140061682, guid: 49d4c49a17c754b0dacd994ca5a0a06c, type: 3}
      propertyPath: m_LocalEulerAnglesHint.z
      value: 0
      objectReference: {fileID: 0}
    - target: {fileID: 2113624774098795848, guid: 49d4c49a17c754b0dacd994ca5a0a06c, type: 3}
      propertyPath: m_Name
      value: greenBalloon
      objectReference: {fileID: 0}
    - target: {fileID: 8958138986204400119, guid: 49d4c49a17c754b0dacd994ca5a0a06c, type: 3}
      propertyPath: m_Convex
      value: 1
      objectReference: {fileID: 0}
    m_RemovedComponents: []
  m_SourcePrefab: {fileID: 100100000, guid: 49d4c49a17c754b0dacd994ca5a0a06c, type: 3}
--- !u!4 &748857947 stripped
Transform:
  m_CorrespondingSourceObject: {fileID: 1593933574140061682, guid: 49d4c49a17c754b0dacd994ca5a0a06c, type: 3}
  m_PrefabInstance: {fileID: 748857946}
  m_PrefabAsset: {fileID: 0}
--- !u!1001 &814263431
PrefabInstance:
  m_ObjectHideFlags: 0
  serializedVersion: 2
  m_Modification:
    m_TransformParent: {fileID: 1642662768}
    m_Modifications:
    - target: {fileID: -8679921383154817045, guid: ccab185b1317b40379855c7f7cdf19b0, type: 3}
      propertyPath: m_LocalPosition.x
      value: 0
      objectReference: {fileID: 0}
    - target: {fileID: -8679921383154817045, guid: ccab185b1317b40379855c7f7cdf19b0, type: 3}
      propertyPath: m_LocalPosition.y
      value: 0
      objectReference: {fileID: 0}
    - target: {fileID: -8679921383154817045, guid: ccab185b1317b40379855c7f7cdf19b0, type: 3}
      propertyPath: m_LocalPosition.z
      value: -0
      objectReference: {fileID: 0}
    - target: {fileID: -8679921383154817045, guid: ccab185b1317b40379855c7f7cdf19b0, type: 3}
      propertyPath: m_LocalRotation.x
      value: 0
      objectReference: {fileID: 0}
    - target: {fileID: -8679921383154817045, guid: ccab185b1317b40379855c7f7cdf19b0, type: 3}
      propertyPath: m_LocalRotation.y
      value: 0.7072302
      objectReference: {fileID: 0}
    - target: {fileID: -8679921383154817045, guid: ccab185b1317b40379855c7f7cdf19b0, type: 3}
      propertyPath: m_LocalRotation.z
      value: 0.7069834
      objectReference: {fileID: 0}
    - target: {fileID: -8679921383154817045, guid: ccab185b1317b40379855c7f7cdf19b0, type: 3}
      propertyPath: m_LocalRotation.w
      value: 0
      objectReference: {fileID: 0}
    - target: {fileID: -8679921383154817045, guid: ccab185b1317b40379855c7f7cdf19b0, type: 3}
      propertyPath: m_RootOrder
      value: 7
      objectReference: {fileID: 0}
    - target: {fileID: -8679921383154817045, guid: ccab185b1317b40379855c7f7cdf19b0, type: 3}
      propertyPath: m_LocalEulerAnglesHint.x
      value: -89.98
      objectReference: {fileID: 0}
    - target: {fileID: -8679921383154817045, guid: ccab185b1317b40379855c7f7cdf19b0, type: 3}
      propertyPath: m_LocalEulerAnglesHint.y
      value: 180
      objectReference: {fileID: 0}
    - target: {fileID: -8679921383154817045, guid: ccab185b1317b40379855c7f7cdf19b0, type: 3}
      propertyPath: m_LocalEulerAnglesHint.z
      value: 0
      objectReference: {fileID: 0}
    - target: {fileID: -8679921383154817045, guid: ccab185b1317b40379855c7f7cdf19b0, type: 3}
      propertyPath: m_LocalScale.x
      value: 1200
      objectReference: {fileID: 0}
    - target: {fileID: -8679921383154817045, guid: ccab185b1317b40379855c7f7cdf19b0, type: 3}
      propertyPath: m_LocalScale.y
      value: 1200
      objectReference: {fileID: 0}
    - target: {fileID: -8679921383154817045, guid: ccab185b1317b40379855c7f7cdf19b0, type: 3}
      propertyPath: m_LocalScale.z
      value: 1200
      objectReference: {fileID: 0}
    - target: {fileID: -7511558181221131132, guid: ccab185b1317b40379855c7f7cdf19b0, type: 3}
      propertyPath: m_Materials.Array.data[0]
      value: 
      objectReference: {fileID: 2100000, guid: 82f84b13bc68f4e80aefa0cb47e60f41, type: 2}
    - target: {fileID: 919132149155446097, guid: ccab185b1317b40379855c7f7cdf19b0, type: 3}
      propertyPath: m_Name
      value: half-shell-left
      objectReference: {fileID: 0}
    - target: {fileID: 919132149155446097, guid: ccab185b1317b40379855c7f7cdf19b0, type: 3}
      propertyPath: m_TagString
      value: StartSticky
      objectReference: {fileID: 0}
    m_RemovedComponents: []
  m_SourcePrefab: {fileID: 100100000, guid: ccab185b1317b40379855c7f7cdf19b0, type: 3}
--- !u!4 &814263432 stripped
Transform:
  m_CorrespondingSourceObject: {fileID: -8679921383154817045, guid: ccab185b1317b40379855c7f7cdf19b0, type: 3}
  m_PrefabInstance: {fileID: 814263431}
  m_PrefabAsset: {fileID: 0}
--- !u!1 &814263433 stripped
GameObject:
  m_CorrespondingSourceObject: {fileID: 919132149155446097, guid: ccab185b1317b40379855c7f7cdf19b0, type: 3}
  m_PrefabInstance: {fileID: 814263431}
  m_PrefabAsset: {fileID: 0}
--- !u!114 &814263434
MonoBehaviour:
  m_ObjectHideFlags: 0
  m_CorrespondingSourceObject: {fileID: 0}
  m_PrefabInstance: {fileID: 0}
  m_PrefabAsset: {fileID: 0}
  m_GameObject: {fileID: 814263433}
  m_Enabled: 1
  m_EditorHideFlags: 0
  m_Script: {fileID: 11500000, guid: f39f077137016406889bcfa69e1df18a, type: 3}
  m_Name: 
  m_EditorClassIdentifier: 
  smallBallMarker: {fileID: 3103226768186808217, guid: 90fe6f4985fb04e17b3679b4a8fba725, type: 3}
  bigBallMarker: {fileID: 3103226768186808217, guid: 29a09501067d84846b5dc797bc6451be, type: 3}
  smallCubeMarker: {fileID: 8261094497551926839, guid: 13fc1d41b180b4629ba1e11eca7cee9e, type: 3}
  bigCubeMarker: {fileID: 8090647789113637924, guid: 8f7ba18147ff94f4c916f52abf282237, type: 3}
  smallCylinderMarker: {fileID: 8261094497551926839, guid: 634f64c734d974e08aa02a866f7c3c11, type: 3}
  bigCylinderMarker: {fileID: 8261094497551926839, guid: 48bffedd9d0d24184bcc2441409242ab, type: 3}
  smallPyramidMarker: {fileID: 5415973671899118518, guid: a84b7a0dfa9c8439d88ea007e047c4ea, type: 3}
  bigPyramidMarker: {fileID: 5415973671899118518, guid: 0b9a9e6d8a758456fbc61a577790a752, type: 3}
  canInstantiate: 1
--- !u!64 &814263435
MeshCollider:
  m_ObjectHideFlags: 0
  m_CorrespondingSourceObject: {fileID: 0}
  m_PrefabInstance: {fileID: 0}
  m_PrefabAsset: {fileID: 0}
  m_GameObject: {fileID: 814263433}
  m_Material: {fileID: 0}
  m_IsTrigger: 0
  m_Enabled: 1
  serializedVersion: 4
  m_Convex: 0
  m_CookingOptions: 30
  m_Mesh: {fileID: 4711208715938537054, guid: ccab185b1317b40379855c7f7cdf19b0, type: 3}
--- !u!4 &946903027 stripped
Transform:
  m_CorrespondingSourceObject: {fileID: 3825935314984632821, guid: 6417a17b4442b4a178a01914ccc9e798, type: 3}
  m_PrefabInstance: {fileID: 3825935314312533510}
  m_PrefabAsset: {fileID: 0}
--- !u!1 &953319580
GameObject:
  m_ObjectHideFlags: 0
  m_CorrespondingSourceObject: {fileID: 0}
  m_PrefabInstance: {fileID: 0}
  m_PrefabAsset: {fileID: 0}
  serializedVersion: 6
  m_Component:
  - component: {fileID: 953319581}
  - component: {fileID: 953319582}
  m_Layer: 0
  m_Name: Point Light
  m_TagString: Untagged
  m_Icon: {fileID: 0}
  m_NavMeshLayer: 0
  m_StaticEditorFlags: 0
  m_IsActive: 1
--- !u!4 &953319581
Transform:
  m_ObjectHideFlags: 0
  m_CorrespondingSourceObject: {fileID: 0}
  m_PrefabInstance: {fileID: 0}
  m_PrefabAsset: {fileID: 0}
  m_GameObject: {fileID: 953319580}
  m_LocalRotation: {x: -0, y: -0, z: -0, w: 1}
  m_LocalPosition: {x: 0, y: 2, z: 0}
  m_LocalScale: {x: 1, y: 1, z: 1}
  m_Children: []
  m_Father: {fileID: 1642662768}
  m_RootOrder: 14
  m_LocalEulerAnglesHint: {x: 0, y: 0, z: 0}
--- !u!108 &953319582
Light:
  m_ObjectHideFlags: 0
  m_CorrespondingSourceObject: {fileID: 0}
  m_PrefabInstance: {fileID: 0}
  m_PrefabAsset: {fileID: 0}
  m_GameObject: {fileID: 953319580}
  m_Enabled: 1
  serializedVersion: 10
  m_Type: 2
  m_Shape: 0
  m_Color: {r: 1, g: 1, b: 1, a: 1}
  m_Intensity: 3
  m_Range: 12
  m_SpotAngle: 30
  m_InnerSpotAngle: 21.80208
  m_CookieSize: 10
  m_Shadows:
    m_Type: 0
    m_Resolution: -1
    m_CustomResolution: -1
    m_Strength: 1
    m_Bias: 0.05
    m_NormalBias: 0.4
    m_NearPlane: 0.2
    m_CullingMatrixOverride:
      e00: 1
      e01: 0
      e02: 0
      e03: 0
      e10: 0
      e11: 1
      e12: 0
      e13: 0
      e20: 0
      e21: 0
      e22: 1
      e23: 0
      e30: 0
      e31: 0
      e32: 0
      e33: 1
    m_UseCullingMatrixOverride: 0
  m_Cookie: {fileID: 0}
  m_DrawHalo: 0
  m_Flare: {fileID: 0}
  m_RenderMode: 0
  m_CullingMask:
    serializedVersion: 2
    m_Bits: 4294967295
  m_RenderingLayerMask: 1
  m_Lightmapping: 4
  m_LightShadowCasterMode: 0
  m_AreaSize: {x: 1, y: 1}
  m_BounceIntensity: 1
  m_ColorTemperature: 6570
  m_UseColorTemperature: 0
  m_BoundingSphereOverride: {x: 0, y: 0, z: 0, w: 0}
  m_UseBoundingSphereOverride: 0
  m_ShadowRadius: 0
  m_ShadowAngle: 0
--- !u!1 &990954748
GameObject:
  m_ObjectHideFlags: 0
  m_CorrespondingSourceObject: {fileID: 0}
  m_PrefabInstance: {fileID: 0}
  m_PrefabAsset: {fileID: 0}
  serializedVersion: 6
  m_Component:
  - component: {fileID: 990954749}
  - component: {fileID: 990954751}
  - component: {fileID: 990954750}
  m_Layer: 0
  m_Name: PlatformTrigger
  m_TagString: Untagged
  m_Icon: {fileID: 0}
  m_NavMeshLayer: 0
  m_StaticEditorFlags: 0
  m_IsActive: 1
--- !u!4 &990954749
Transform:
  m_ObjectHideFlags: 0
  m_CorrespondingSourceObject: {fileID: 0}
  m_PrefabInstance: {fileID: 0}
  m_PrefabAsset: {fileID: 0}
  m_GameObject: {fileID: 990954748}
  m_LocalRotation: {x: -0, y: -0, z: -0, w: 1}
  m_LocalPosition: {x: 0, y: 0, z: 0}
  m_LocalScale: {x: 1, y: 1, z: 1}
  m_Children: []
  m_Father: {fileID: 99800722}
  m_RootOrder: 0
  m_LocalEulerAnglesHint: {x: 0, y: 0, z: 0}
--- !u!64 &990954750
MeshCollider:
  m_ObjectHideFlags: 0
  m_CorrespondingSourceObject: {fileID: 0}
  m_PrefabInstance: {fileID: 0}
  m_PrefabAsset: {fileID: 0}
  m_GameObject: {fileID: 990954748}
  m_Material: {fileID: 0}
  m_IsTrigger: 1
  m_Enabled: 1
  serializedVersion: 4
  m_Convex: 1
  m_CookingOptions: 30
  m_Mesh: {fileID: 10207, guid: 0000000000000000e000000000000000, type: 0}
--- !u!33 &990954751
MeshFilter:
  m_ObjectHideFlags: 0
  m_CorrespondingSourceObject: {fileID: 0}
  m_PrefabInstance: {fileID: 0}
  m_PrefabAsset: {fileID: 0}
  m_GameObject: {fileID: 990954748}
  m_Mesh: {fileID: 10207, guid: 0000000000000000e000000000000000, type: 0}
--- !u!1001 &1158037299
PrefabInstance:
  m_ObjectHideFlags: 0
  serializedVersion: 2
  m_Modification:
    m_TransformParent: {fileID: 1642662768}
    m_Modifications:
    - target: {fileID: 3103226768186808199, guid: 974b361f543ad4d7d95dd63455c73843, type: 3}
      propertyPath: m_Mass
      value: 5
      objectReference: {fileID: 0}
    - target: {fileID: 3103226768186808199, guid: 974b361f543ad4d7d95dd63455c73843, type: 3}
      propertyPath: m_Drag
      value: 0
      objectReference: {fileID: 0}
    - target: {fileID: 3103226768186808216, guid: 974b361f543ad4d7d95dd63455c73843, type: 3}
      propertyPath: m_LocalPosition.x
      value: -8.61
      objectReference: {fileID: 0}
    - target: {fileID: 3103226768186808216, guid: 974b361f543ad4d7d95dd63455c73843, type: 3}
      propertyPath: m_LocalPosition.y
      value: 3.72
      objectReference: {fileID: 0}
    - target: {fileID: 3103226768186808216, guid: 974b361f543ad4d7d95dd63455c73843, type: 3}
      propertyPath: m_LocalPosition.z
      value: 0.25
      objectReference: {fileID: 0}
    - target: {fileID: 3103226768186808216, guid: 974b361f543ad4d7d95dd63455c73843, type: 3}
      propertyPath: m_LocalRotation.x
      value: -0
      objectReference: {fileID: 0}
    - target: {fileID: 3103226768186808216, guid: 974b361f543ad4d7d95dd63455c73843, type: 3}
      propertyPath: m_LocalRotation.y
      value: -0
      objectReference: {fileID: 0}
    - target: {fileID: 3103226768186808216, guid: 974b361f543ad4d7d95dd63455c73843, type: 3}
      propertyPath: m_LocalRotation.z
      value: -0
      objectReference: {fileID: 0}
    - target: {fileID: 3103226768186808216, guid: 974b361f543ad4d7d95dd63455c73843, type: 3}
      propertyPath: m_LocalRotation.w
      value: 1
      objectReference: {fileID: 0}
    - target: {fileID: 3103226768186808216, guid: 974b361f543ad4d7d95dd63455c73843, type: 3}
      propertyPath: m_RootOrder
      value: 5
      objectReference: {fileID: 0}
    - target: {fileID: 3103226768186808216, guid: 974b361f543ad4d7d95dd63455c73843, type: 3}
      propertyPath: m_LocalEulerAnglesHint.x
      value: 0
      objectReference: {fileID: 0}
    - target: {fileID: 3103226768186808216, guid: 974b361f543ad4d7d95dd63455c73843, type: 3}
      propertyPath: m_LocalEulerAnglesHint.y
      value: 0
      objectReference: {fileID: 0}
    - target: {fileID: 3103226768186808216, guid: 974b361f543ad4d7d95dd63455c73843, type: 3}
      propertyPath: m_LocalEulerAnglesHint.z
      value: 0
      objectReference: {fileID: 0}
    - target: {fileID: 3103226768186808216, guid: 974b361f543ad4d7d95dd63455c73843, type: 3}
      propertyPath: m_LocalScale.x
      value: 0.6
      objectReference: {fileID: 0}
    - target: {fileID: 3103226768186808216, guid: 974b361f543ad4d7d95dd63455c73843, type: 3}
      propertyPath: m_LocalScale.y
      value: 0.6
      objectReference: {fileID: 0}
    - target: {fileID: 3103226768186808216, guid: 974b361f543ad4d7d95dd63455c73843, type: 3}
      propertyPath: m_LocalScale.z
      value: 0.6
      objectReference: {fileID: 0}
    - target: {fileID: 3103226768186808217, guid: 974b361f543ad4d7d95dd63455c73843, type: 3}
      propertyPath: m_Name
      value: bigBall2
      objectReference: {fileID: 0}
    - target: {fileID: 5438713856254647761, guid: 974b361f543ad4d7d95dd63455c73843, type: 3}
      propertyPath: ballStatusColorChange
      value: 1
      objectReference: {fileID: 0}
    m_RemovedComponents: []
  m_SourcePrefab: {fileID: 100100000, guid: 974b361f543ad4d7d95dd63455c73843, type: 3}
--- !u!4 &1158037300 stripped
Transform:
  m_CorrespondingSourceObject: {fileID: 3103226768186808216, guid: 974b361f543ad4d7d95dd63455c73843, type: 3}
  m_PrefabInstance: {fileID: 1158037299}
  m_PrefabAsset: {fileID: 0}
--- !u!1001 &1244856959
PrefabInstance:
  m_ObjectHideFlags: 0
  serializedVersion: 2
  m_Modification:
    m_TransformParent: {fileID: 1642662768}
    m_Modifications:
    - target: {fileID: 1453659339713340236, guid: 57d7ab1edcb76448c8cae09bf1a80317, type: 3}
      propertyPath: m_LocalPosition.x
      value: 1.21
      objectReference: {fileID: 0}
    - target: {fileID: 1453659339713340236, guid: 57d7ab1edcb76448c8cae09bf1a80317, type: 3}
      propertyPath: m_LocalPosition.y
      value: 1.47
      objectReference: {fileID: 0}
    - target: {fileID: 1453659339713340236, guid: 57d7ab1edcb76448c8cae09bf1a80317, type: 3}
      propertyPath: m_LocalPosition.z
      value: 7.1
      objectReference: {fileID: 0}
    - target: {fileID: 1453659339713340236, guid: 57d7ab1edcb76448c8cae09bf1a80317, type: 3}
      propertyPath: m_LocalRotation.x
      value: 0
      objectReference: {fileID: 0}
    - target: {fileID: 1453659339713340236, guid: 57d7ab1edcb76448c8cae09bf1a80317, type: 3}
      propertyPath: m_LocalRotation.y
      value: 0
      objectReference: {fileID: 0}
    - target: {fileID: 1453659339713340236, guid: 57d7ab1edcb76448c8cae09bf1a80317, type: 3}
      propertyPath: m_LocalRotation.z
      value: 0
      objectReference: {fileID: 0}
    - target: {fileID: 1453659339713340236, guid: 57d7ab1edcb76448c8cae09bf1a80317, type: 3}
      propertyPath: m_LocalRotation.w
      value: 1
      objectReference: {fileID: 0}
    - target: {fileID: 1453659339713340236, guid: 57d7ab1edcb76448c8cae09bf1a80317, type: 3}
      propertyPath: m_RootOrder
      value: 10
      objectReference: {fileID: 0}
    - target: {fileID: 1453659339713340236, guid: 57d7ab1edcb76448c8cae09bf1a80317, type: 3}
      propertyPath: m_LocalEulerAnglesHint.x
      value: 0
      objectReference: {fileID: 0}
    - target: {fileID: 1453659339713340236, guid: 57d7ab1edcb76448c8cae09bf1a80317, type: 3}
      propertyPath: m_LocalEulerAnglesHint.y
      value: 0
      objectReference: {fileID: 0}
    - target: {fileID: 1453659339713340236, guid: 57d7ab1edcb76448c8cae09bf1a80317, type: 3}
      propertyPath: m_LocalEulerAnglesHint.z
      value: 0
      objectReference: {fileID: 0}
    - target: {fileID: 2262988285678369270, guid: 57d7ab1edcb76448c8cae09bf1a80317, type: 3}
      propertyPath: m_Name
      value: Blue Balloon
      objectReference: {fileID: 0}
    - target: {fileID: 5135264124909877792, guid: 57d7ab1edcb76448c8cae09bf1a80317, type: 3}
      propertyPath: m_Convex
      value: 1
      objectReference: {fileID: 0}
    m_RemovedComponents: []
  m_SourcePrefab: {fileID: 100100000, guid: 57d7ab1edcb76448c8cae09bf1a80317, type: 3}
--- !u!4 &1244856960 stripped
Transform:
  m_CorrespondingSourceObject: {fileID: 1453659339713340236, guid: 57d7ab1edcb76448c8cae09bf1a80317, type: 3}
  m_PrefabInstance: {fileID: 1244856959}
  m_PrefabAsset: {fileID: 0}
--- !u!1 &1310410844
GameObject:
  m_ObjectHideFlags: 0
  m_CorrespondingSourceObject: {fileID: 0}
  m_PrefabInstance: {fileID: 0}
  m_PrefabAsset: {fileID: 0}
  serializedVersion: 6
  m_Component:
  - component: {fileID: 1310410845}
  - component: {fileID: 1310410848}
  - component: {fileID: 1310410847}
  - component: {fileID: 1310410846}
  m_Layer: 0
  m_Name: Cube
  m_TagString: Untagged
  m_Icon: {fileID: 0}
  m_NavMeshLayer: 0
  m_StaticEditorFlags: 0
  m_IsActive: 1
--- !u!4 &1310410845
Transform:
  m_ObjectHideFlags: 0
  m_CorrespondingSourceObject: {fileID: 0}
  m_PrefabInstance: {fileID: 0}
  m_PrefabAsset: {fileID: 0}
  m_GameObject: {fileID: 1310410844}
  m_LocalRotation: {x: 0.32391736, y: 0, z: 0.94608533, w: 0}
  m_LocalPosition: {x: 30.69, y: 0, z: 20.43}
  m_LocalScale: {x: 40, y: 40, z: 1}
  m_Children: []
  m_Father: {fileID: 1642662768}
  m_RootOrder: 16
  m_LocalEulerAnglesHint: {x: 0, y: 37.8, z: 180}
--- !u!65 &1310410846
BoxCollider:
  m_ObjectHideFlags: 0
  m_CorrespondingSourceObject: {fileID: 0}
  m_PrefabInstance: {fileID: 0}
  m_PrefabAsset: {fileID: 0}
  m_GameObject: {fileID: 1310410844}
  m_Material: {fileID: 0}
  m_IsTrigger: 0
  m_Enabled: 1
  serializedVersion: 2
  m_Size: {x: 1, y: 1, z: 1}
  m_Center: {x: 0, y: 0, z: 0}
--- !u!23 &1310410847
MeshRenderer:
  m_ObjectHideFlags: 0
  m_CorrespondingSourceObject: {fileID: 0}
  m_PrefabInstance: {fileID: 0}
  m_PrefabAsset: {fileID: 0}
  m_GameObject: {fileID: 1310410844}
  m_Enabled: 1
  m_CastShadows: 1
  m_ReceiveShadows: 1
  m_DynamicOccludee: 1
  m_MotionVectors: 1
  m_LightProbeUsage: 1
  m_ReflectionProbeUsage: 1
  m_RayTracingMode: 2
  m_RayTraceProcedural: 0
  m_RenderingLayerMask: 1
  m_RendererPriority: 0
  m_Materials:
  - {fileID: 2100000, guid: 54fc80af4084d492a9c24cc9d483948b, type: 2}
  m_StaticBatchInfo:
    firstSubMesh: 0
    subMeshCount: 0
  m_StaticBatchRoot: {fileID: 0}
  m_ProbeAnchor: {fileID: 0}
  m_LightProbeVolumeOverride: {fileID: 0}
  m_ScaleInLightmap: 1
  m_ReceiveGI: 1
  m_PreserveUVs: 0
  m_IgnoreNormalsForChartDetection: 0
  m_ImportantGI: 0
  m_StitchLightmapSeams: 1
  m_SelectedEditorRenderState: 3
  m_MinimumChartSize: 4
  m_AutoUVMaxDistance: 0.5
  m_AutoUVMaxAngle: 89
  m_LightmapParameters: {fileID: 0}
  m_SortingLayerID: 0
  m_SortingLayer: 0
  m_SortingOrder: 0
  m_AdditionalVertexStreams: {fileID: 0}
--- !u!33 &1310410848
MeshFilter:
  m_ObjectHideFlags: 0
  m_CorrespondingSourceObject: {fileID: 0}
  m_PrefabInstance: {fileID: 0}
  m_PrefabAsset: {fileID: 0}
  m_GameObject: {fileID: 1310410844}
  m_Mesh: {fileID: 10202, guid: 0000000000000000e000000000000000, type: 0}
--- !u!1001 &1322371519
PrefabInstance:
  m_ObjectHideFlags: 0
  serializedVersion: 2
  m_Modification:
    m_TransformParent: {fileID: 1642662768}
    m_Modifications:
    - target: {fileID: 3103226768186808199, guid: 974b361f543ad4d7d95dd63455c73843, type: 3}
      propertyPath: m_Mass
      value: 2
      objectReference: {fileID: 0}
    - target: {fileID: 3103226768186808199, guid: 974b361f543ad4d7d95dd63455c73843, type: 3}
      propertyPath: m_Drag
      value: 0
      objectReference: {fileID: 0}
    - target: {fileID: 3103226768186808216, guid: 974b361f543ad4d7d95dd63455c73843, type: 3}
      propertyPath: m_LocalPosition.x
      value: -0.135
      objectReference: {fileID: 0}
    - target: {fileID: 3103226768186808216, guid: 974b361f543ad4d7d95dd63455c73843, type: 3}
      propertyPath: m_LocalPosition.y
      value: -5.42
      objectReference: {fileID: 0}
    - target: {fileID: 3103226768186808216, guid: 974b361f543ad4d7d95dd63455c73843, type: 3}
      propertyPath: m_LocalPosition.z
      value: -5.99
      objectReference: {fileID: 0}
    - target: {fileID: 3103226768186808216, guid: 974b361f543ad4d7d95dd63455c73843, type: 3}
      propertyPath: m_LocalRotation.x
      value: -0
      objectReference: {fileID: 0}
    - target: {fileID: 3103226768186808216, guid: 974b361f543ad4d7d95dd63455c73843, type: 3}
      propertyPath: m_LocalRotation.y
      value: -0
      objectReference: {fileID: 0}
    - target: {fileID: 3103226768186808216, guid: 974b361f543ad4d7d95dd63455c73843, type: 3}
      propertyPath: m_LocalRotation.z
      value: -0
      objectReference: {fileID: 0}
    - target: {fileID: 3103226768186808216, guid: 974b361f543ad4d7d95dd63455c73843, type: 3}
      propertyPath: m_LocalRotation.w
      value: 1
      objectReference: {fileID: 0}
    - target: {fileID: 3103226768186808216, guid: 974b361f543ad4d7d95dd63455c73843, type: 3}
      propertyPath: m_RootOrder
      value: 3
      objectReference: {fileID: 0}
    - target: {fileID: 3103226768186808216, guid: 974b361f543ad4d7d95dd63455c73843, type: 3}
      propertyPath: m_LocalEulerAnglesHint.x
      value: 0
      objectReference: {fileID: 0}
    - target: {fileID: 3103226768186808216, guid: 974b361f543ad4d7d95dd63455c73843, type: 3}
      propertyPath: m_LocalEulerAnglesHint.y
      value: 0
      objectReference: {fileID: 0}
    - target: {fileID: 3103226768186808216, guid: 974b361f543ad4d7d95dd63455c73843, type: 3}
      propertyPath: m_LocalEulerAnglesHint.z
      value: 0
      objectReference: {fileID: 0}
    - target: {fileID: 3103226768186808217, guid: 974b361f543ad4d7d95dd63455c73843, type: 3}
      propertyPath: m_Name
      value: smallBall4
      objectReference: {fileID: 0}
    - target: {fileID: 5438713856254647761, guid: 974b361f543ad4d7d95dd63455c73843, type: 3}
      propertyPath: ballStatusColorChange
      value: 1
      objectReference: {fileID: 0}
    m_RemovedComponents: []
  m_SourcePrefab: {fileID: 100100000, guid: 974b361f543ad4d7d95dd63455c73843, type: 3}
--- !u!4 &1322371520 stripped
Transform:
  m_CorrespondingSourceObject: {fileID: 3103226768186808216, guid: 974b361f543ad4d7d95dd63455c73843, type: 3}
  m_PrefabInstance: {fileID: 1322371519}
  m_PrefabAsset: {fileID: 0}
--- !u!1 &1642662767
GameObject:
  m_ObjectHideFlags: 0
  m_CorrespondingSourceObject: {fileID: 0}
  m_PrefabInstance: {fileID: 0}
  m_PrefabAsset: {fileID: 0}
  serializedVersion: 6
  m_Component:
  - component: {fileID: 1642662768}
  m_Layer: 0
  m_Name: Environment
  m_TagString: Untagged
  m_Icon: {fileID: 0}
  m_NavMeshLayer: 0
  m_StaticEditorFlags: 0
  m_IsActive: 1
--- !u!4 &1642662768
Transform:
  m_ObjectHideFlags: 0
  m_CorrespondingSourceObject: {fileID: 0}
  m_PrefabInstance: {fileID: 0}
  m_PrefabAsset: {fileID: 0}
  m_GameObject: {fileID: 1642662767}
  m_LocalRotation: {x: 0, y: 0, z: 0, w: 1}
  m_LocalPosition: {x: 0, y: 0, z: 0}
  m_LocalScale: {x: 1, y: 1, z: 1}
  m_Children:
  - {fileID: 236885730}
  - {fileID: 1758381050}
  - {fileID: 1786072579}
  - {fileID: 1322371520}
  - {fileID: 2076085452}
  - {fileID: 1158037300}
  - {fileID: 1955874384}
  - {fileID: 814263432}
  - {fileID: 748857947}
  - {fileID: 416717789}
  - {fileID: 1244856960}
  - {fileID: 99800722}
  - {fileID: 193313784}
  - {fileID: 697780748}
  - {fileID: 953319581}
  - {fileID: 2142301276}
  - {fileID: 1310410845}
  m_Father: {fileID: 0}
  m_RootOrder: 3
  m_LocalEulerAnglesHint: {x: 0, y: 0, z: 0}
--- !u!1001 &1758381049
PrefabInstance:
  m_ObjectHideFlags: 0
  serializedVersion: 2
  m_Modification:
    m_TransformParent: {fileID: 1642662768}
    m_Modifications:
    - target: {fileID: 3103226768186808199, guid: 974b361f543ad4d7d95dd63455c73843, type: 3}
      propertyPath: m_Mass
      value: 2
      objectReference: {fileID: 0}
    - target: {fileID: 3103226768186808199, guid: 974b361f543ad4d7d95dd63455c73843, type: 3}
      propertyPath: m_Drag
      value: 0
      objectReference: {fileID: 0}
    - target: {fileID: 3103226768186808216, guid: 974b361f543ad4d7d95dd63455c73843, type: 3}
      propertyPath: m_LocalPosition.x
      value: -7.52
      objectReference: {fileID: 0}
    - target: {fileID: 3103226768186808216, guid: 974b361f543ad4d7d95dd63455c73843, type: 3}
      propertyPath: m_LocalPosition.y
      value: 1.5320001
      objectReference: {fileID: 0}
    - target: {fileID: 3103226768186808216, guid: 974b361f543ad4d7d95dd63455c73843, type: 3}
      propertyPath: m_LocalPosition.z
      value: -2.93
      objectReference: {fileID: 0}
    - target: {fileID: 3103226768186808216, guid: 974b361f543ad4d7d95dd63455c73843, type: 3}
      propertyPath: m_LocalRotation.x
      value: -0
      objectReference: {fileID: 0}
    - target: {fileID: 3103226768186808216, guid: 974b361f543ad4d7d95dd63455c73843, type: 3}
      propertyPath: m_LocalRotation.y
      value: -0
      objectReference: {fileID: 0}
    - target: {fileID: 3103226768186808216, guid: 974b361f543ad4d7d95dd63455c73843, type: 3}
      propertyPath: m_LocalRotation.z
      value: -0
      objectReference: {fileID: 0}
    - target: {fileID: 3103226768186808216, guid: 974b361f543ad4d7d95dd63455c73843, type: 3}
      propertyPath: m_LocalRotation.w
      value: 1
      objectReference: {fileID: 0}
    - target: {fileID: 3103226768186808216, guid: 974b361f543ad4d7d95dd63455c73843, type: 3}
      propertyPath: m_RootOrder
      value: 1
      objectReference: {fileID: 0}
    - target: {fileID: 3103226768186808216, guid: 974b361f543ad4d7d95dd63455c73843, type: 3}
      propertyPath: m_LocalEulerAnglesHint.x
      value: 0
      objectReference: {fileID: 0}
    - target: {fileID: 3103226768186808216, guid: 974b361f543ad4d7d95dd63455c73843, type: 3}
      propertyPath: m_LocalEulerAnglesHint.y
      value: 0
      objectReference: {fileID: 0}
    - target: {fileID: 3103226768186808216, guid: 974b361f543ad4d7d95dd63455c73843, type: 3}
      propertyPath: m_LocalEulerAnglesHint.z
      value: 0
      objectReference: {fileID: 0}
    - target: {fileID: 3103226768186808217, guid: 974b361f543ad4d7d95dd63455c73843, type: 3}
      propertyPath: m_Name
      value: smallBall2
      objectReference: {fileID: 0}
    - target: {fileID: 5438713856254647761, guid: 974b361f543ad4d7d95dd63455c73843, type: 3}
      propertyPath: ballStatusColorChange
      value: 1
      objectReference: {fileID: 0}
    m_RemovedComponents: []
  m_SourcePrefab: {fileID: 100100000, guid: 974b361f543ad4d7d95dd63455c73843, type: 3}
--- !u!4 &1758381050 stripped
Transform:
  m_CorrespondingSourceObject: {fileID: 3103226768186808216, guid: 974b361f543ad4d7d95dd63455c73843, type: 3}
  m_PrefabInstance: {fileID: 1758381049}
  m_PrefabAsset: {fileID: 0}
--- !u!1001 &1786072578
PrefabInstance:
  m_ObjectHideFlags: 0
  serializedVersion: 2
  m_Modification:
    m_TransformParent: {fileID: 1642662768}
    m_Modifications:
    - target: {fileID: 3103226768186808199, guid: 974b361f543ad4d7d95dd63455c73843, type: 3}
      propertyPath: m_Mass
      value: 2
      objectReference: {fileID: 0}
    - target: {fileID: 3103226768186808199, guid: 974b361f543ad4d7d95dd63455c73843, type: 3}
      propertyPath: m_Drag
      value: 0
      objectReference: {fileID: 0}
    - target: {fileID: 3103226768186808216, guid: 974b361f543ad4d7d95dd63455c73843, type: 3}
      propertyPath: m_LocalPosition.x
      value: 4.29
      objectReference: {fileID: 0}
    - target: {fileID: 3103226768186808216, guid: 974b361f543ad4d7d95dd63455c73843, type: 3}
      propertyPath: m_LocalPosition.y
      value: 4.5
      objectReference: {fileID: 0}
    - target: {fileID: 3103226768186808216, guid: 974b361f543ad4d7d95dd63455c73843, type: 3}
      propertyPath: m_LocalPosition.z
      value: -1.63
      objectReference: {fileID: 0}
    - target: {fileID: 3103226768186808216, guid: 974b361f543ad4d7d95dd63455c73843, type: 3}
      propertyPath: m_LocalRotation.x
      value: -0
      objectReference: {fileID: 0}
    - target: {fileID: 3103226768186808216, guid: 974b361f543ad4d7d95dd63455c73843, type: 3}
      propertyPath: m_LocalRotation.y
      value: -0
      objectReference: {fileID: 0}
    - target: {fileID: 3103226768186808216, guid: 974b361f543ad4d7d95dd63455c73843, type: 3}
      propertyPath: m_LocalRotation.z
      value: -0
      objectReference: {fileID: 0}
    - target: {fileID: 3103226768186808216, guid: 974b361f543ad4d7d95dd63455c73843, type: 3}
      propertyPath: m_LocalRotation.w
      value: 1
      objectReference: {fileID: 0}
    - target: {fileID: 3103226768186808216, guid: 974b361f543ad4d7d95dd63455c73843, type: 3}
      propertyPath: m_RootOrder
      value: 2
      objectReference: {fileID: 0}
    - target: {fileID: 3103226768186808216, guid: 974b361f543ad4d7d95dd63455c73843, type: 3}
      propertyPath: m_LocalEulerAnglesHint.x
      value: 0
      objectReference: {fileID: 0}
    - target: {fileID: 3103226768186808216, guid: 974b361f543ad4d7d95dd63455c73843, type: 3}
      propertyPath: m_LocalEulerAnglesHint.y
      value: 0
      objectReference: {fileID: 0}
    - target: {fileID: 3103226768186808216, guid: 974b361f543ad4d7d95dd63455c73843, type: 3}
      propertyPath: m_LocalEulerAnglesHint.z
      value: 0
      objectReference: {fileID: 0}
    - target: {fileID: 3103226768186808217, guid: 974b361f543ad4d7d95dd63455c73843, type: 3}
      propertyPath: m_Name
      value: smallBall3
      objectReference: {fileID: 0}
    - target: {fileID: 5438713856254647761, guid: 974b361f543ad4d7d95dd63455c73843, type: 3}
      propertyPath: ballStatusColorChange
      value: 1
      objectReference: {fileID: 0}
    m_RemovedComponents: []
  m_SourcePrefab: {fileID: 100100000, guid: 974b361f543ad4d7d95dd63455c73843, type: 3}
--- !u!4 &1786072579 stripped
Transform:
  m_CorrespondingSourceObject: {fileID: 3103226768186808216, guid: 974b361f543ad4d7d95dd63455c73843, type: 3}
  m_PrefabInstance: {fileID: 1786072578}
  m_PrefabAsset: {fileID: 0}
--- !u!1001 &1912129857
PrefabInstance:
  m_ObjectHideFlags: 0
  serializedVersion: 2
  m_Modification:
    m_TransformParent: {fileID: 1642662768}
    m_Modifications:
    - target: {fileID: 123684, guid: 977d462d3da090443aa549827d636355, type: 3}
      propertyPath: m_Name
      value: Mirror
      objectReference: {fileID: 0}
    - target: {fileID: 123684, guid: 977d462d3da090443aa549827d636355, type: 3}
      propertyPath: m_TagString
      value: Untagged
      objectReference: {fileID: 0}
    - target: {fileID: 123684, guid: 977d462d3da090443aa549827d636355, type: 3}
      propertyPath: m_IsActive
      value: 0
      objectReference: {fileID: 0}
    - target: {fileID: 126434, guid: 977d462d3da090443aa549827d636355, type: 3}
      propertyPath: m_TagString
      value: StartSticky
      objectReference: {fileID: 0}
    - target: {fileID: 126772, guid: 977d462d3da090443aa549827d636355, type: 3}
      propertyPath: m_TagString
      value: StartSticky
      objectReference: {fileID: 0}
    - target: {fileID: 423996, guid: 977d462d3da090443aa549827d636355, type: 3}
      propertyPath: m_LocalPosition.x
      value: -3.98
      objectReference: {fileID: 0}
    - target: {fileID: 423996, guid: 977d462d3da090443aa549827d636355, type: 3}
      propertyPath: m_LocalPosition.y
      value: -0.19
      objectReference: {fileID: 0}
    - target: {fileID: 423996, guid: 977d462d3da090443aa549827d636355, type: 3}
      propertyPath: m_LocalPosition.z
      value: 8.41
      objectReference: {fileID: 0}
    - target: {fileID: 423996, guid: 977d462d3da090443aa549827d636355, type: 3}
      propertyPath: m_LocalRotation.x
      value: -0
      objectReference: {fileID: 0}
    - target: {fileID: 423996, guid: 977d462d3da090443aa549827d636355, type: 3}
      propertyPath: m_LocalRotation.y
      value: -0.21123943
      objectReference: {fileID: 0}
    - target: {fileID: 423996, guid: 977d462d3da090443aa549827d636355, type: 3}
      propertyPath: m_LocalRotation.z
      value: -0
      objectReference: {fileID: 0}
    - target: {fileID: 423996, guid: 977d462d3da090443aa549827d636355, type: 3}
      propertyPath: m_LocalRotation.w
      value: 0.97743434
      objectReference: {fileID: 0}
    - target: {fileID: 423996, guid: 977d462d3da090443aa549827d636355, type: 3}
      propertyPath: m_RootOrder
      value: 15
      objectReference: {fileID: 0}
    - target: {fileID: 423996, guid: 977d462d3da090443aa549827d636355, type: 3}
      propertyPath: m_LocalEulerAnglesHint.x
      value: 0
      objectReference: {fileID: 0}
    - target: {fileID: 423996, guid: 977d462d3da090443aa549827d636355, type: 3}
      propertyPath: m_LocalEulerAnglesHint.y
      value: -24.39
      objectReference: {fileID: 0}
    - target: {fileID: 423996, guid: 977d462d3da090443aa549827d636355, type: 3}
      propertyPath: m_LocalEulerAnglesHint.z
      value: 0
      objectReference: {fileID: 0}
    - target: {fileID: 423996, guid: 977d462d3da090443aa549827d636355, type: 3}
      propertyPath: m_LocalScale.x
      value: 10
      objectReference: {fileID: 0}
    - target: {fileID: 423996, guid: 977d462d3da090443aa549827d636355, type: 3}
      propertyPath: m_LocalScale.y
      value: 10
      objectReference: {fileID: 0}
    - target: {fileID: 423996, guid: 977d462d3da090443aa549827d636355, type: 3}
      propertyPath: m_LocalScale.z
      value: 10
      objectReference: {fileID: 0}
    m_RemovedComponents: []
  m_SourcePrefab: {fileID: 100100000, guid: 977d462d3da090443aa549827d636355, type: 3}
--- !u!1001 &1955874383
PrefabInstance:
  m_ObjectHideFlags: 0
  serializedVersion: 2
  m_Modification:
    m_TransformParent: {fileID: 1642662768}
    m_Modifications:
    - target: {fileID: -8679921383154817045, guid: ccab185b1317b40379855c7f7cdf19b0, type: 3}
      propertyPath: m_LocalPosition.x
      value: 0
      objectReference: {fileID: 0}
    - target: {fileID: -8679921383154817045, guid: ccab185b1317b40379855c7f7cdf19b0, type: 3}
      propertyPath: m_LocalPosition.y
      value: 0
      objectReference: {fileID: 0}
    - target: {fileID: -8679921383154817045, guid: ccab185b1317b40379855c7f7cdf19b0, type: 3}
      propertyPath: m_LocalPosition.z
      value: -0
      objectReference: {fileID: 0}
    - target: {fileID: -8679921383154817045, guid: ccab185b1317b40379855c7f7cdf19b0, type: 3}
      propertyPath: m_LocalRotation.x
      value: -0.7071068
      objectReference: {fileID: 0}
    - target: {fileID: -8679921383154817045, guid: ccab185b1317b40379855c7f7cdf19b0, type: 3}
      propertyPath: m_LocalRotation.y
      value: 0
      objectReference: {fileID: 0}
    - target: {fileID: -8679921383154817045, guid: ccab185b1317b40379855c7f7cdf19b0, type: 3}
      propertyPath: m_LocalRotation.z
      value: -0
      objectReference: {fileID: 0}
    - target: {fileID: -8679921383154817045, guid: ccab185b1317b40379855c7f7cdf19b0, type: 3}
      propertyPath: m_LocalRotation.w
      value: 0.7071067
      objectReference: {fileID: 0}
    - target: {fileID: -8679921383154817045, guid: ccab185b1317b40379855c7f7cdf19b0, type: 3}
      propertyPath: m_RootOrder
      value: 6
      objectReference: {fileID: 0}
    - target: {fileID: -8679921383154817045, guid: ccab185b1317b40379855c7f7cdf19b0, type: 3}
      propertyPath: m_LocalEulerAnglesHint.x
      value: 0
      objectReference: {fileID: 0}
    - target: {fileID: -8679921383154817045, guid: ccab185b1317b40379855c7f7cdf19b0, type: 3}
      propertyPath: m_LocalEulerAnglesHint.y
      value: 0
      objectReference: {fileID: 0}
    - target: {fileID: -8679921383154817045, guid: ccab185b1317b40379855c7f7cdf19b0, type: 3}
      propertyPath: m_LocalEulerAnglesHint.z
      value: 0
      objectReference: {fileID: 0}
    - target: {fileID: -8679921383154817045, guid: ccab185b1317b40379855c7f7cdf19b0, type: 3}
      propertyPath: m_LocalScale.x
      value: 1200
      objectReference: {fileID: 0}
    - target: {fileID: -8679921383154817045, guid: ccab185b1317b40379855c7f7cdf19b0, type: 3}
      propertyPath: m_LocalScale.y
      value: 1200
      objectReference: {fileID: 0}
    - target: {fileID: -8679921383154817045, guid: ccab185b1317b40379855c7f7cdf19b0, type: 3}
      propertyPath: m_LocalScale.z
      value: 1200
      objectReference: {fileID: 0}
    - target: {fileID: -7511558181221131132, guid: ccab185b1317b40379855c7f7cdf19b0, type: 3}
      propertyPath: m_Materials.Array.data[0]
      value: 
      objectReference: {fileID: 2100000, guid: 82f84b13bc68f4e80aefa0cb47e60f41, type: 2}
    - target: {fileID: 919132149155446097, guid: ccab185b1317b40379855c7f7cdf19b0, type: 3}
      propertyPath: m_Name
      value: half-shell-right
      objectReference: {fileID: 0}
    - target: {fileID: 919132149155446097, guid: ccab185b1317b40379855c7f7cdf19b0, type: 3}
      propertyPath: m_TagString
      value: StartSticky
      objectReference: {fileID: 0}
    m_RemovedComponents: []
  m_SourcePrefab: {fileID: 100100000, guid: ccab185b1317b40379855c7f7cdf19b0, type: 3}
--- !u!4 &1955874384 stripped
Transform:
  m_CorrespondingSourceObject: {fileID: -8679921383154817045, guid: ccab185b1317b40379855c7f7cdf19b0, type: 3}
  m_PrefabInstance: {fileID: 1955874383}
  m_PrefabAsset: {fileID: 0}
--- !u!1 &1955874385 stripped
GameObject:
  m_CorrespondingSourceObject: {fileID: 919132149155446097, guid: ccab185b1317b40379855c7f7cdf19b0, type: 3}
  m_PrefabInstance: {fileID: 1955874383}
  m_PrefabAsset: {fileID: 0}
--- !u!114 &1955874386
MonoBehaviour:
  m_ObjectHideFlags: 0
  m_CorrespondingSourceObject: {fileID: 0}
  m_PrefabInstance: {fileID: 0}
  m_PrefabAsset: {fileID: 0}
  m_GameObject: {fileID: 1955874385}
  m_Enabled: 1
  m_EditorHideFlags: 0
  m_Script: {fileID: 11500000, guid: f39f077137016406889bcfa69e1df18a, type: 3}
  m_Name: 
  m_EditorClassIdentifier: 
  smallBallMarker: {fileID: 3103226768186808217, guid: 90fe6f4985fb04e17b3679b4a8fba725, type: 3}
  bigBallMarker: {fileID: 3103226768186808217, guid: 29a09501067d84846b5dc797bc6451be, type: 3}
  smallCubeMarker: {fileID: 8261094497551926839, guid: 13fc1d41b180b4629ba1e11eca7cee9e, type: 3}
  bigCubeMarker: {fileID: 8090647789113637924, guid: 8f7ba18147ff94f4c916f52abf282237, type: 3}
  smallCylinderMarker: {fileID: 8261094497551926839, guid: 634f64c734d974e08aa02a866f7c3c11, type: 3}
  bigCylinderMarker: {fileID: 8261094497551926839, guid: 48bffedd9d0d24184bcc2441409242ab, type: 3}
  smallPyramidMarker: {fileID: 5415973671899118518, guid: a84b7a0dfa9c8439d88ea007e047c4ea, type: 3}
  bigPyramidMarker: {fileID: 5415973671899118518, guid: 0b9a9e6d8a758456fbc61a577790a752, type: 3}
  canInstantiate: 1
--- !u!64 &1955874387
MeshCollider:
  m_ObjectHideFlags: 0
  m_CorrespondingSourceObject: {fileID: 0}
  m_PrefabInstance: {fileID: 0}
  m_PrefabAsset: {fileID: 0}
  m_GameObject: {fileID: 1955874385}
  m_Material: {fileID: 0}
  m_IsTrigger: 0
  m_Enabled: 1
  serializedVersion: 4
  m_Convex: 0
  m_CookingOptions: 30
  m_Mesh: {fileID: 4711208715938537054, guid: ccab185b1317b40379855c7f7cdf19b0, type: 3}
--- !u!1001 &2076085451
PrefabInstance:
  m_ObjectHideFlags: 0
  serializedVersion: 2
  m_Modification:
    m_TransformParent: {fileID: 1642662768}
    m_Modifications:
    - target: {fileID: 3103226768186808199, guid: 974b361f543ad4d7d95dd63455c73843, type: 3}
      propertyPath: m_Mass
      value: 5
      objectReference: {fileID: 0}
    - target: {fileID: 3103226768186808199, guid: 974b361f543ad4d7d95dd63455c73843, type: 3}
      propertyPath: m_Drag
      value: 0
      objectReference: {fileID: 0}
    - target: {fileID: 3103226768186808216, guid: 974b361f543ad4d7d95dd63455c73843, type: 3}
      propertyPath: m_LocalPosition.x
      value: 0.912
      objectReference: {fileID: 0}
    - target: {fileID: 3103226768186808216, guid: 974b361f543ad4d7d95dd63455c73843, type: 3}
      propertyPath: m_LocalPosition.y
      value: -0.88
      objectReference: {fileID: 0}
    - target: {fileID: 3103226768186808216, guid: 974b361f543ad4d7d95dd63455c73843, type: 3}
      propertyPath: m_LocalPosition.z
      value: -7.34
      objectReference: {fileID: 0}
    - target: {fileID: 3103226768186808216, guid: 974b361f543ad4d7d95dd63455c73843, type: 3}
      propertyPath: m_LocalRotation.x
      value: -0
      objectReference: {fileID: 0}
    - target: {fileID: 3103226768186808216, guid: 974b361f543ad4d7d95dd63455c73843, type: 3}
      propertyPath: m_LocalRotation.y
      value: -0
      objectReference: {fileID: 0}
    - target: {fileID: 3103226768186808216, guid: 974b361f543ad4d7d95dd63455c73843, type: 3}
      propertyPath: m_LocalRotation.z
      value: -0
      objectReference: {fileID: 0}
    - target: {fileID: 3103226768186808216, guid: 974b361f543ad4d7d95dd63455c73843, type: 3}
      propertyPath: m_LocalRotation.w
      value: 1
      objectReference: {fileID: 0}
    - target: {fileID: 3103226768186808216, guid: 974b361f543ad4d7d95dd63455c73843, type: 3}
      propertyPath: m_RootOrder
      value: 4
      objectReference: {fileID: 0}
    - target: {fileID: 3103226768186808216, guid: 974b361f543ad4d7d95dd63455c73843, type: 3}
      propertyPath: m_LocalEulerAnglesHint.x
      value: 0
      objectReference: {fileID: 0}
    - target: {fileID: 3103226768186808216, guid: 974b361f543ad4d7d95dd63455c73843, type: 3}
      propertyPath: m_LocalEulerAnglesHint.y
      value: 0
      objectReference: {fileID: 0}
    - target: {fileID: 3103226768186808216, guid: 974b361f543ad4d7d95dd63455c73843, type: 3}
      propertyPath: m_LocalEulerAnglesHint.z
      value: 0
      objectReference: {fileID: 0}
    - target: {fileID: 3103226768186808216, guid: 974b361f543ad4d7d95dd63455c73843, type: 3}
      propertyPath: m_LocalScale.x
      value: 0.6
      objectReference: {fileID: 0}
    - target: {fileID: 3103226768186808216, guid: 974b361f543ad4d7d95dd63455c73843, type: 3}
      propertyPath: m_LocalScale.y
      value: 0.6
      objectReference: {fileID: 0}
    - target: {fileID: 3103226768186808216, guid: 974b361f543ad4d7d95dd63455c73843, type: 3}
      propertyPath: m_LocalScale.z
      value: 0.6
      objectReference: {fileID: 0}
    - target: {fileID: 3103226768186808217, guid: 974b361f543ad4d7d95dd63455c73843, type: 3}
      propertyPath: m_Name
      value: bigBall1
      objectReference: {fileID: 0}
    - target: {fileID: 5438713856254647761, guid: 974b361f543ad4d7d95dd63455c73843, type: 3}
      propertyPath: ballStatusColorChange
      value: 1
      objectReference: {fileID: 0}
    m_RemovedComponents: []
  m_SourcePrefab: {fileID: 100100000, guid: 974b361f543ad4d7d95dd63455c73843, type: 3}
--- !u!4 &2076085452 stripped
Transform:
  m_CorrespondingSourceObject: {fileID: 3103226768186808216, guid: 974b361f543ad4d7d95dd63455c73843, type: 3}
  m_PrefabInstance: {fileID: 2076085451}
  m_PrefabAsset: {fileID: 0}
--- !u!4 &2142301276 stripped
Transform:
  m_CorrespondingSourceObject: {fileID: 423996, guid: 977d462d3da090443aa549827d636355, type: 3}
  m_PrefabInstance: {fileID: 1912129857}
  m_PrefabAsset: {fileID: 0}
--- !u!1001 &3825935314312533510
PrefabInstance:
  m_ObjectHideFlags: 0
  serializedVersion: 2
  m_Modification:
    m_TransformParent: {fileID: 0}
    m_Modifications:
    - target: {fileID: 3825935314984632818, guid: 6417a17b4442b4a178a01914ccc9e798, type: 3}
      propertyPath: fallSpeed
      value: 0.0001
      objectReference: {fileID: 0}
    - target: {fileID: 3825935314984632821, guid: 6417a17b4442b4a178a01914ccc9e798, type: 3}
      propertyPath: m_LocalRotation.x
      value: 0
      objectReference: {fileID: 0}
    - target: {fileID: 3825935314984632821, guid: 6417a17b4442b4a178a01914ccc9e798, type: 3}
      propertyPath: m_LocalRotation.y
      value: 0
      objectReference: {fileID: 0}
    - target: {fileID: 3825935314984632821, guid: 6417a17b4442b4a178a01914ccc9e798, type: 3}
      propertyPath: m_LocalRotation.z
      value: 0
      objectReference: {fileID: 0}
    - target: {fileID: 3825935314984632821, guid: 6417a17b4442b4a178a01914ccc9e798, type: 3}
      propertyPath: m_LocalPosition.y
      value: 0
      objectReference: {fileID: 0}
    - target: {fileID: 3825935314984632821, guid: 6417a17b4442b4a178a01914ccc9e798, type: 3}
      propertyPath: m_LocalRotation.w
      value: 1
      objectReference: {fileID: 0}
    - target: {fileID: 3825935314984632821, guid: 6417a17b4442b4a178a01914ccc9e798, type: 3}
      propertyPath: m_LocalEulerAnglesHint.y
      value: 16.05
      objectReference: {fileID: 0}
    - target: {fileID: 5682360741478473363, guid: 6417a17b4442b4a178a01914ccc9e798, type: 3}
      propertyPath: m_LocalPosition.x
      value: 0
      objectReference: {fileID: 0}
    - target: {fileID: 5682360741478473363, guid: 6417a17b4442b4a178a01914ccc9e798, type: 3}
      propertyPath: m_LocalPosition.y
      value: -0.703
      objectReference: {fileID: 0}
    - target: {fileID: 5682360741478473363, guid: 6417a17b4442b4a178a01914ccc9e798, type: 3}
      propertyPath: m_LocalPosition.z
      value: 0
      objectReference: {fileID: 0}
    - target: {fileID: 5682360741478473363, guid: 6417a17b4442b4a178a01914ccc9e798, type: 3}
      propertyPath: m_LocalRotation.x
      value: 0
      objectReference: {fileID: 0}
    - target: {fileID: 5682360741478473363, guid: 6417a17b4442b4a178a01914ccc9e798, type: 3}
      propertyPath: m_LocalRotation.y
      value: 0
      objectReference: {fileID: 0}
    - target: {fileID: 5682360741478473363, guid: 6417a17b4442b4a178a01914ccc9e798, type: 3}
      propertyPath: m_LocalRotation.z
      value: 0
      objectReference: {fileID: 0}
    - target: {fileID: 5682360741478473363, guid: 6417a17b4442b4a178a01914ccc9e798, type: 3}
      propertyPath: m_LocalRotation.w
      value: 1
      objectReference: {fileID: 0}
    - target: {fileID: 5682360741478473363, guid: 6417a17b4442b4a178a01914ccc9e798, type: 3}
      propertyPath: m_RootOrder
      value: 4
      objectReference: {fileID: 0}
    - target: {fileID: 5682360741478473363, guid: 6417a17b4442b4a178a01914ccc9e798, type: 3}
      propertyPath: m_LocalEulerAnglesHint.x
      value: 0
      objectReference: {fileID: 0}
    - target: {fileID: 5682360741478473363, guid: 6417a17b4442b4a178a01914ccc9e798, type: 3}
      propertyPath: m_LocalEulerAnglesHint.y
      value: 0
      objectReference: {fileID: 0}
    - target: {fileID: 5682360741478473363, guid: 6417a17b4442b4a178a01914ccc9e798, type: 3}
      propertyPath: m_LocalEulerAnglesHint.z
      value: 0
      objectReference: {fileID: 0}
    - target: {fileID: 5682360741478564541, guid: 6417a17b4442b4a178a01914ccc9e798, type: 3}
      propertyPath: m_Name
      value: OVRPlayerController-Mod
      objectReference: {fileID: 0}
    m_RemovedComponents: []
  m_SourcePrefab: {fileID: 100100000, guid: 6417a17b4442b4a178a01914ccc9e798, type: 3}
--- !u!1001 &9047211959745637437
PrefabInstance:
  m_ObjectHideFlags: 0
  serializedVersion: 2
  m_Modification:
    m_TransformParent: {fileID: 0}
    m_Modifications:
    - target: {fileID: 9047211958822565116, guid: 96a88e34746104464b273507e75e9817, type: 3}
      propertyPath: m_Name
      value: StickyGameManager
      objectReference: {fileID: 0}
    - target: {fileID: 9047211958822565118, guid: 96a88e34746104464b273507e75e9817, type: 3}
      propertyPath: m_LocalPosition.x
      value: 1.4391325
      objectReference: {fileID: 0}
    - target: {fileID: 9047211958822565118, guid: 96a88e34746104464b273507e75e9817, type: 3}
      propertyPath: m_LocalPosition.y
      value: 2.6154845
      objectReference: {fileID: 0}
    - target: {fileID: 9047211958822565118, guid: 96a88e34746104464b273507e75e9817, type: 3}
      propertyPath: m_LocalPosition.z
      value: -0.4591074
      objectReference: {fileID: 0}
    - target: {fileID: 9047211958822565118, guid: 96a88e34746104464b273507e75e9817, type: 3}
      propertyPath: m_LocalRotation.x
      value: 0
      objectReference: {fileID: 0}
    - target: {fileID: 9047211958822565118, guid: 96a88e34746104464b273507e75e9817, type: 3}
      propertyPath: m_LocalRotation.y
      value: 0
      objectReference: {fileID: 0}
    - target: {fileID: 9047211958822565118, guid: 96a88e34746104464b273507e75e9817, type: 3}
      propertyPath: m_LocalRotation.z
      value: 0
      objectReference: {fileID: 0}
    - target: {fileID: 9047211958822565118, guid: 96a88e34746104464b273507e75e9817, type: 3}
      propertyPath: m_LocalRotation.w
      value: 1
      objectReference: {fileID: 0}
    - target: {fileID: 9047211958822565118, guid: 96a88e34746104464b273507e75e9817, type: 3}
      propertyPath: m_RootOrder
      value: 2
      objectReference: {fileID: 0}
    - target: {fileID: 9047211958822565118, guid: 96a88e34746104464b273507e75e9817, type: 3}
      propertyPath: m_LocalEulerAnglesHint.x
      value: 0
      objectReference: {fileID: 0}
    - target: {fileID: 9047211958822565118, guid: 96a88e34746104464b273507e75e9817, type: 3}
      propertyPath: m_LocalEulerAnglesHint.y
      value: 0
      objectReference: {fileID: 0}
    - target: {fileID: 9047211958822565118, guid: 96a88e34746104464b273507e75e9817, type: 3}
      propertyPath: m_LocalEulerAnglesHint.z
      value: 0
      objectReference: {fileID: 0}
    - target: {fileID: 9047211958822565119, guid: 96a88e34746104464b273507e75e9817, type: 3}
      propertyPath: winningScore
      value: 40
      objectReference: {fileID: 0}
    - target: {fileID: 9047211958822565119, guid: 96a88e34746104464b273507e75e9817, type: 3}
      propertyPath: lostBallPenalty
      value: 10
      objectReference: {fileID: 0}
    m_RemovedComponents: []
  m_SourcePrefab: {fileID: 100100000, guid: 96a88e34746104464b273507e75e9817, type: 3}
